# --- Visual Servoing General Literature ---

@article{chaumette_visual_2006,
	title = {Visual servo control. {I}: {Basic} {Approaches}},
	journal = {IEEE Robotics \& Automation Magazine},
	author = {{Chaumette, François and Hutchinson, Seth}},
	year = {2006},
}

@article{chaumette_visual_2007,
	title = {Visual servo control, {Part} {II}: {Advanced} approaches},
	journal = {IEEE Robotics and Automation Magazine},
	author = {{Chaumette, François and Hutchinson, Seth}},
	year = {2007},
}

@article{hutchinson_1996,
	title = {{A Tutorial on Visual Servo Control}},
	journal = {IEEE Transactions on Robotics and Automation},
	author = {Hutchinson, S. and Hager, G. and Corke, P.},
	year = {1996},
}

@article{espiau_1992,
	title = {A new approach to visual servoing in robotics},
	journal = {IEEE Transactions on Robotics and Automation},
	author = {Espiau, B. and Chaumette, F. and Rives, P.},
	year = {1992},
}

# --- Hector Quadrotor ---

@article{2012simpar_meyer,
	author = {Johannes Meyer and Alexander Sendobry and Stefan Kohlbrecher and Uwe Klingauf and Oskar von Stryk},
	title = {Comprehensive Simulation of Quadrotor UAVs using ROS and Gazebo},
	year = {2012},
	pages = {to appear},
	booktitle = {3rd Int. Conf. on Simulation, Modelling and Programming for Autonomous Robots (SIMPAR)},
}

# --- Standards ---

@online{SA_Braune,
	ALTauthor = {A. Braune},
	title = {Systementwurf mit Strukturierter Analyse},
	date = {2016},
	url = {https://www.et.tu-dresden.de/ifa/fileadmin/user_upload/www_files/richtlinien_sa_da/Nutzeranforderungen_nach_IEEE.pdf},
	language = {German},
	urldate = {2017-11-14},
}

@misc{IEEE8301998,
	title = {{IEEE} 830-1998 - {IEEE} {Recommended} {Practice} for {Software} {Requirements} {Specifications}},
	url = {https://standards.ieee.org/findstds/standard/830-1998.html},
	urldate = {2017-11-14}
}

# --- ROS ---

@online{ROS_Style,
	title = {ROS Style Guide},
	url = {http://wiki.ros.org/StyleGuide},
	urldate = {2017-11-15},
}